@article{Robinson:2010p11822,
author = {Robinson, Mark D and McCarthy, Davis J and Smyth, Gordon K},
title = {{edgeR: a Bioconductor package for differential expression analysis of digital gene expression data.}},
journal = {Bioinformatics},
year = {2010},
volume = {26},
number = {1},
pages = {139--140},
month = jan
}

@article{Law:2014,
author = {Law, CW and Chen, Y and Shi, W and Smyth, GK},
title = {{Voom: precision weights unlock linear model analysis tools for RNA-seq read counts}},
journal = {Genome Biology},
year = {2014},
month = jan,
url = {http://www.statsci.org/smyth/pubs/VoomPreprint.pdf}
}

@Article{Anders:2010,
    title = {Differential expression analysis for sequence count data},
    author = {Simon Anders and Wolfgang Huber},
    year = {2010},
    journal = {Genome Biology},
    volume = {11},
    pages = {R106},
    doi = {10.1186/gb-2010-11-10-r106},
    url = {http://genomebiology.com/2010/11/10/R106/},
  }

@article{Frazee:2011hk,
author = {Frazee, Alyssa C and Langmead, Ben and Leek, Jeffrey T},
title = {{ReCount: a multi-experiment resource of analysis-ready RNA-seq gene count datasets.}},
journal = {BMC Bioinformatics},
year = {2011},
volume = {12},
pages = {449}
}

@article{Hammer:2010ky,
author = {Hammer, Paul and Banck, Michaela S and Amberg, Ronny and Wang, Cheng and Petznick, Gabriele and Luo, Shujun and Khrebtukova, Irina and Schroth, Gary P and Beyerlein, Peter and Beutler, Andreas S},
title = {{mRNA-seq with agnostic splice site discovery for nervous system transcriptomics tested in chronic pain.}},
journal = {Genome research},
year = {2010},
volume = {20},
number = {6},
pages = {847--860},
month = jun
}

@article{Richard:2010p10149,
author = {Richard, H and Schulz, M and Sultan, M},
title = {{Prediction of alternative isoforms from exon expression levels in RNA-Seq experiments}},
journal = {Nucleic Acid Research},
year = {2010}
}

@article{Aschoff:2013fi,
author = {Aschoff, Moritz and Hotz-Wagenblatt, Agnes and Glatting, Karl-Heinz and Fischer, Matthias and Eils, Roland and K{\"o}nig, Rainer},
title = {{SplicingCompass: differential splicing detection using RNA-seq data.}},
journal = {Bioinformatics},
year = {2013},
volume = {29},
number = {9},
pages = {1141--1148},
month = may
}

@article{Anders:2012es,
author = {Anders, Simon and Reyes, Alejandro and Huber, Wolfgang},
title = {{Detecting differential usage of exons from RNA-seq data.}},
journal = {Genome research},
year = {2012},
volume = {22},
number = {10},
pages = {2008--2017},
month = oct
}

@article{Picard,
author = {Wysoker, A. and Tibbetts, K. and Fennell, T.},
title = {Picard},
year = {2012},
journal = {http://picard.sourceforge.net}
}
